<collection xmlns="http://www.loc.gov/MARC21/slim">
<record>
  <leader>01036nam0a22002051i 450 </leader>
  <controlfield tag="001">IT\ICCU\CNCE\079913</controlfield>
  <controlfield tag="005">20180405000000.0</controlfield>
  <datafield tag="012" ind1=" " ind2=" ">
    <subfield code="a">o.o, e.e, o.to egmi (3) 1596 (A)</subfield>
    <subfield code="2">fei</subfield>
  </datafield>
  <datafield tag="100" ind1=" " ind2=" ">
    <subfield code="a">20180405d1596        0itac0103    ba</subfield>
  </datafield>
  <datafield tag="101" ind1=" " ind2=" ">
    <subfield code="a">ITA</subfield>
  </datafield>
  <datafield tag="102" ind1=" " ind2=" ">
    <subfield code="a">IT</subfield>
  </datafield>
  <datafield tag="200" ind1="1" ind2=" ">
    <subfield code="a">Innamoramento di Rinaldo nel quale si contiene il suo nascimento, e tutte le battaglie, che lui fece. E come vccise il re Mambrino, e come hebbe Baiardo da Malagigi, e come fu morto ne la citt ̉di Cologna isconosciuto. Nouamente stampato con le dichiarationi a li suoi Canti, e ornato di varie figure</subfield>
  </datafield>
  <datafield tag="210" ind1=" " ind2=" ">
    <subfield code="a">In Venetia</subfield>
    <subfield code="c">appresso Agostin Zopini</subfield>
    <subfield code="d">&amp; nepoti</subfield>
    <subfield code="d">1596</subfield>
  </datafield>
  <datafield tag="215" ind1=" " ind2=" ">
    <subfield code="a">205 \i.e. 200! c.</subfield>
    <subfield code="c">ill.</subfield>
    <subfield code="d">8ʻ</subfield>
  </datafield>
  <datafield tag="500" ind1="1" ind2="1">
    <subfield code="3">IT\ICCU\CNCE\051216</subfield>
    <subfield code="a">Rinaldo di Montalbano</subfield>
  </datafield>
  <datafield tag="620" ind1=" " ind2=" ">
    <subfield code="a">IT</subfield>
    <subfield code="d">Venezia</subfield>
  </datafield>
  <datafield tag="712" ind1="0" ind2="0">
    <subfield code="a">Zoppini, Agostino &amp; nipoti</subfield>
    <subfield code="3">IT\ICCU\CNCT\000447</subfield>
    <subfield code="4">650</subfield>
  </datafield>
  <datafield tag="791" ind1="0" ind2="0">
    <subfield code="a">Zoppino, Agostino &amp; nipoti</subfield>
    <subfield code="3">IT\ICCU\CNCT\005835</subfield>
    <subfield code="z">Zoppini, Agostino &amp; nipoti</subfield>
  </datafield>
  <datafield tag="791" ind1="0" ind2="0">
    <subfield code="a">Zopini, Agostino &amp; nipoti</subfield>
    <subfield code="3">IT\ICCU\CNCT\005836</subfield>
    <subfield code="z">Zoppini, Agostino &amp; nipoti</subfield>
  </datafield>
  <datafield tag="801" ind1=" " ind2="3">
    <subfield code="a">IT</subfield>
    <subfield code="b">ICCU</subfield>
    <subfield code="c">20201115</subfield>
  </datafield>
</record>
</collection>
